@misc{WebSite:UML,
  author = {Jose Henrique Lincoln da Fonseca Felizardo},
  title = {Historia da UML},
  url = {https://www.projetodiario.net.br/historia-da-uml},
	howpublished = "\url{https://www.projetodiario.net.br/historia-da-uml}",
  year = {2013}, 
	month = {julho},
  note = "[Online; acessado em 20 de marco de 2019]"
}